<collection xmlns="http://www.loc.gov/MARC21/slim">
<record>
  <leader>01975nam0a22002771i 450 </leader>
  <controlfield tag="001">IT\ICCU\CNCE\039062</controlfield>
  <controlfield tag="005">19981106000000.0</controlfield>
  <datafield tag="100" ind1=" " ind2=" ">
    <subfield code="a">19981105g15201522    0itac0103    ba</subfield>
  </datafield>
  <datafield tag="101" ind1=" " ind2=" ">
    <subfield code="a">LAT</subfield>
  </datafield>
  <datafield tag="102" ind1=" " ind2=" ">
    <subfield code="a">IT</subfield>
  </datafield>
  <datafield tag="200" ind1="1" ind2=" ">
    <subfield code="a">Primus \-quintus! Aui. canon. Auicenne medicorum principis canonum liber vna cum lucidissima Gentilis Fulgi. expositione: ... Additis annotationibus omnium auctoritatum &amp; priscorum &amp; recentiorum auctorum: proprijs locis secundum propria eorum cap. vel commenta: pulchro etiam indice exornatus: qui secundam capitulorum numerum: dubiorum ordinem ostendit</subfield>
  </datafield>
  <datafield tag="205" ind1=" " ind2=" ">
    <subfield code="a">Nuper sollerti cura correctus: ab infinitisque fere erroribus emendatus: &amp; nouiter in edibus heredum Octauiani Scoti ac sociorum: omni cum diligentia impressus</subfield>
  </datafield>
  <datafield tag="210" ind1=" " ind2=" ">
    <subfield code="e">Venetijs</subfield>
    <subfield code="g">ere ac sollerti cura heredum olim domini Octauiani Scoti ciuis ac patritius \!! Modoetiensis: &amp; sociorum</subfield>
    <subfield code="h">1520-1522</subfield>
  </datafield>
  <datafield tag="215" ind1=" " ind2=" ">
    <subfield code="a">5 v.</subfield>
    <subfield code="c">ill.</subfield>
    <subfield code="d"></subfield>
  </datafield>
  <datafield tag="300" ind1=" " ind2=" ">
    <subfield code="a"></subfield>
  </datafield>
  <datafield tag="620" ind1=" " ind2=" ">
    <subfield code="a">IT</subfield>
    <subfield code="d">Venezia</subfield>
  </datafield>
  <datafield tag="700" ind1=" " ind2="0">
    <subfield code="a">Avicenna</subfield>
    <subfield code="3">IT\ICCU\CNCA\000237</subfield>
  </datafield>
  <datafield tag="712" ind1="0" ind2="0">
    <subfield code="a">Scoto, Ottaviano &lt;1.&gt; - eredi &amp; C.</subfield>
    <subfield code="3">IT\ICCU\CNCT\002931</subfield>
    <subfield code="4">650</subfield>
  </datafield>
  <datafield tag="790" ind1=" " ind2="0">
    <subfield code="a">Abu &apos;Ali al-Husain ibn &apos;Abd Allah ibn Sina</subfield>
    <subfield code="3">IT\ICCU\CNCA\012315</subfield>
    <subfield code="z">Avicenna</subfield>
  </datafield>
  <datafield tag="790" ind1=" " ind2="1">
    <subfield code="a">Ibn Sina,</subfield>
    <subfield code="b">Abu Ali</subfield>
    <subfield code="3">IT\ICCU\CNCA\014502</subfield>
    <subfield code="z">Avicenna</subfield>
  </datafield>
  <datafield tag="801" ind1=" " ind2="3">
    <subfield code="a">IT</subfield>
    <subfield code="b">ICCU</subfield>
    <subfield code="c">20201114</subfield>
  </datafield>
  <datafield tag="899" ind1=" " ind2=" ">
    <subfield code="a">Biblioteca Estense Universitaria. Modena</subfield>
    <subfield code="1">MO0089</subfield>
    <subfield code="2">MOD BE</subfield>
  </datafield>
  <datafield tag="899" ind1=" " ind2=" ">
    <subfield code="a">Biblioteca nazionale centrale. Roma</subfield>
    <subfield code="1">RM0267</subfield>
    <subfield code="2">BVE CR</subfield>
  </datafield>
  <datafield tag="899" ind1=" " ind2=" ">
    <subfield code="a">Biblioteca universitaria Alessandrina. Roma</subfield>
    <subfield code="1">RM0280</subfield>
    <subfield code="2">RML 01</subfield>
  </datafield>
  <datafield tag="911" ind1=" " ind2=" ">
    <subfield code="a">A c. 2L5v. del vol. 2, a c. 3&amp;7v. del vol. 4 e a c. 3K10r. del vol. 5.</subfield>
    <subfield code="9">IT\ICCU\CNCM\000019</subfield>
  </datafield>
  <datafield tag="921" ind1=" " ind2=" ">
    <subfield code="a">IT\ICCU\CNCM\000019</subfield>
    <subfield code="b">Cerchio con croce doppia e iniziali O.S.M. Intorno fregi floreali</subfield>
    <subfield code="c">A101</subfield>
    <subfield code="c">V466</subfield>
    <subfield code="c">Z297</subfield>
    <subfield code="d">7x8</subfield>
    <subfield code="f">CROCE</subfield>
    <subfield code="f">LORENA</subfield>
    <subfield code="f">OSM</subfield>
    <subfield code="g">1507-1550</subfield>
  </datafield>
</record>
</collection>
